<record xmlns='http://www.loc.gov/MARC21/slim'><leader>02130cgm a2200445 a 4500</leader><controlfield tag='001'>2465179</controlfield><controlfield tag='005'>20141205223112.0</controlfield><controlfield tag='007'>vf|cbahou</controlfield><controlfield tag='008'>941107s1987    xx ||| e          vleng d</controlfield><datafield ind1=' ' ind2=' ' tag='035'><subfield code='a'>(NIC)notisAMJ1031</subfield></datafield><datafield ind1=' ' ind2=' ' tag='035'><subfield code='a'>(OCoLC)63989151</subfield></datafield><datafield ind1=' ' ind2=' ' tag='035'><subfield code='a'>2465179</subfield></datafield><datafield ind1=' ' ind2=' ' tag='040'><subfield code='a'>NIC</subfield><subfield code='c'>NIC</subfield></datafield><datafield ind1=' ' ind2=' ' tag='043'><subfield code='a'>f------</subfield><subfield code='a'>n-us---</subfield></datafield><datafield ind1='0' ind2='0' tag='245'><subfield code='a'>ALA Conference</subfield><subfield code='h'>[videorecording] /</subfield><subfield code='c'>[Cornell University, Africana Studies and Research Center].</subfield></datafield><datafield ind1=' ' ind2=' ' tag='260'><subfield code='c'>[1987]</subfield></datafield><datafield ind1=' ' ind2=' ' tag='300'><subfield code='a'>12 videocassettes :</subfield><subfield code='b'>sd., col. ;</subfield><subfield code='c'>1/2 in.</subfield></datafield><datafield ind1=' ' ind2=' ' tag='538'><subfield code='a'>VHS.</subfield></datafield><datafield ind1=' ' ind2=' ' tag='500'><subfield code='a'>Videotaped live at Cornell University in 1987.</subfield></datafield><datafield ind1=' ' ind2=' ' tag='500'><subfield code='a'>&quot;149a-149l.&quot;</subfield></datafield><datafield ind1=' ' ind2=' ' tag='520'><subfield code='a'>Speakers talked about the African literature, Africans, African diaspora in literature, African identity, and AIDS epidemic questions in literature.  Also discussed their interpretation of the relationship between literature and development in Africa. Ali Mazrui discusses the sources of his position in The Africans : what Africa is, where it came from, and where it is going. Tape 5 has poetry reading by poets from Jamaica, Ghana, and South Africa.</subfield></datafield><datafield ind1=' ' ind2='0' tag='650'><subfield code='a'>African literature</subfield><subfield code='x'>Congresses.</subfield></datafield><datafield ind1=' ' ind2='0' tag='650'><subfield code='a'>Africans</subfield><subfield code='x'>Congresses.</subfield></datafield><datafield ind1=' ' ind2='0' tag='651'><subfield code='a'>Africa</subfield><subfield code='x'>Civilization</subfield><subfield code='x'>Congresses.</subfield></datafield><datafield ind1=' ' ind2='0' tag='650'><subfield code='a'>American literature</subfield><subfield code='x'>Afro-American authors</subfield><subfield code='x'>Congresses.</subfield></datafield><datafield ind1='1' ind2='0' tag='600'><subfield code='a'>Mazrui, Ali AlʾAmin.</subfield><subfield code='t'>Africans.</subfield></datafield><datafield ind1=' ' ind2='0' tag='650'><subfield code='a'>AIDS (Disease) in literature</subfield><subfield code='x'>Congresses.</subfield></datafield><datafield ind1=' ' ind2='7' tag='650'><subfield code='a'>African literature</subfield><subfield code='2'>fast</subfield><subfield code='0'>(OCoLC)fst00799832</subfield></datafield><datafield ind1=' ' ind2='7' tag='650'><subfield code='a'>Africans</subfield><subfield code='2'>fast</subfield><subfield code='0'>(OCoLC)fst00799938</subfield></datafield><datafield ind1=' ' ind2='7' tag='650'><subfield code='a'>AIDS (Disease) in literature</subfield><subfield code='2'>fast</subfield><subfield code='0'>(OCoLC)fst00794007</subfield></datafield><datafield ind1=' ' ind2='7' tag='650'><subfield code='a'>American literature</subfield><subfield code='x'>African American authors</subfield><subfield code='2'>fast</subfield><subfield code='0'>(OCoLC)fst00807114</subfield></datafield><datafield ind1=' ' ind2='7' tag='650'><subfield code='a'>Civilization</subfield><subfield code='2'>fast</subfield><subfield code='0'>(OCoLC)fst00862898</subfield></datafield><datafield ind1=' ' ind2='7' tag='651'><subfield code='a'>Africa</subfield><subfield code='2'>fast</subfield><subfield code='0'>(OCoLC)fst01239509</subfield></datafield><datafield ind1=' ' ind2='7' tag='655'><subfield code='a'>Conference proceedings</subfield><subfield code='2'>fast</subfield><subfield code='0'>(OCoLC)fst01423772</subfield></datafield><datafield ind1='2' ind2=' ' tag='710'><subfield code='a'>Cornell University.</subfield><subfield code='b'>Africana Studies and Research Center.</subfield></datafield><datafield ind1='2' ind2=' ' tag='711'><subfield code='a'>ALA Conference</subfield><subfield code='d'>(1987 :</subfield><subfield code='c'>Cornell University)</subfield></datafield><datafield ind1=' ' ind2=' ' tag='905'><subfield code='a'>19950707120000.0</subfield></datafield><datafield ind1='2' ind2=' ' tag='948'><subfield code='a'>20040601</subfield><subfield code='b'>a</subfield><subfield code='d'>pd36</subfield><subfield code='e'>lts</subfield><subfield code='f'>?</subfield><subfield code='h'>?</subfield></datafield><datafield ind1='2' ind2=' ' tag='948'><subfield code='a'>20040621</subfield><subfield code='b'>a</subfield><subfield code='d'>pl233</subfield><subfield code='e'>lts</subfield></datafield><datafield ind1='2' ind2=' ' tag='948'><subfield code='a'>20141205</subfield><subfield code='b'>m</subfield><subfield code='d'>batch</subfield><subfield code='e'>lts</subfield><subfield code='x'>addfast</subfield></datafield></record>